@Article{soave,
  author =   {Soave, G.},
  title =    {Equilibrium constants from a modified Redlich-Kwong equation of state},
  journal =  {Chemical Engineering Science},
  year =     {1972},
  pages = {27,1197}
}

@Article{pengRobinson,
  author =   {Peng, D.Y. and Robinson, D.B.},
  title =    {A new two constant equation of state},
  journal =  {Ind. Eng. Chem. Fundam},
  year =     {1976},
  pages = {15,59}
}
@Article{mathias,
  author =   {Author, A. N.},
  title =    {Title One},
  journal =  {Journal},
  year =     2000
}
@Article{stryjekVeraPureCompounds,
  author =   {Author, A. N.},
  title =    {Title One},
  journal =  {Journal},
  year =     2000
}
